<?xml version="1.0" encoding="UTF-8"?><record xmlns="http://www.loc.gov/MARC21/slim" xmlns:cinclude="http://apache.org/cocoon/include/1.0" xmlns:zs="http://www.loc.gov/zing/srw/">
  <leader>00314cz  a2200121n  4500</leader>
  <controlfield tag="001">nb2002019430</controlfield>
  <controlfield tag="003">DLC</controlfield>
  <controlfield tag="005">20140605100119.0</controlfield>
  <controlfield tag="008">020212n| azannaabn          |n aaa      </controlfield>
  <datafield tag="010" ind1=" " ind2=" ">
    <subfield code="a">nb2002019430</subfield>
  </datafield>
  <datafield tag="040" ind1=" " ind2=" ">
    <subfield code="a">Uk</subfield>
    <subfield code="b">eng</subfield>
    <subfield code="e">rda</subfield>
    <subfield code="c">Uk</subfield>
    <subfield code="d">DLC</subfield>
  </datafield>
  <datafield tag="100" ind1="1" ind2=" ">
    <subfield code="a">Kimber, Martin</subfield>
  </datafield>
  <datafield tag="670" ind1=" " ind2=" ">
    <subfield code="a">Basic water treatment, 2002:</subfield>
    <subfield code="b">t.p. (Martin Kimber)</subfield>
  </datafield>
</record>